@misc{HHR,
      IDS = {HHR,hhr},
      title={On the non-existence of elements of Kervaire invariant one}, 
      author={Michael A. Hill and Michael J. Hopkins and Douglas C. Ravenel},
      year={2015},
      eprint={0908.3724},
      archivePrefix={arXiv},
      primaryClass={math.AT},
      url={https://arxiv.org/abs/0908.3724}, 
}

@online{burnside,
 title={The Burnside category},
 year={2017},
 author={Andrew Blumberg},
 url={https://people.math.rochester.edu/faculty/doug/otherpapers/blumberg-burnside.pdf},
 note={Lecture notes from a course at UT Austin}
}

