@online{burnside,
 title={The Burnside category},
 year={2017},
 author={Andrew Blumberg},
 url={https://people.math.rochester.edu/faculty/doug/otherpapers/blumberg-burnside.pdf},
 note={Lecture notes from a course at UT Austin}
}

@article{hhr,
  title={On the nonexistence of elements of Kervaire invariant one},
  author={Hill, Michael A and Hopkins, Michael J and Ravenel, Douglas C},
  journal={Annals of Mathematics},
  pages={1--262},
  year={2016},
  volume={184},
  number={1},
  url={https://arxiv.org/abs/0908.3724}
}